<record><leader>00000cas a2200000 a 4500</leader><controlfield tag="001">35668208</controlfield><controlfield tag="008">961002d18861899miudn ne      0    0eng c</controlfield><datafield ind1=" " ind2=" " tag="010"><subfield code="a">sn 96077099 </subfield></datafield><datafield ind1=" " ind2=" " tag="040"><subfield code="a">MHN</subfield><subfield code="b">eng</subfield><subfield code="c">MHN</subfield><subfield code="d">OCL</subfield><subfield code="d">OCLCQ</subfield><subfield code="d">OCLCF</subfield><subfield code="d">OCLCO</subfield></datafield><datafield ind1="1" ind2=" " tag="029"><subfield code="a">AU@</subfield><subfield code="b">000012911019</subfield></datafield><datafield ind1=" " ind2=" " tag="042"><subfield code="a">pcc</subfield></datafield><datafield ind1=" " ind2=" " tag="043"><subfield code="a">n-us-mi</subfield></datafield><datafield ind1="0" ind2=" " tag="130"><subfield code="a">Kalamazoo gazette (Kalamazoo, Mich. : 1886)</subfield></datafield><datafield ind1="1" ind2="4" tag="245"><subfield code="a">The Kalamazoo gazette.</subfield></datafield><datafield ind1="3" ind2=" " tag="246"><subfield code="a">Kalamazoo daily gazette</subfield><subfield code="f">Feb. 7, 1899-Mar. 26, 1899</subfield></datafield><datafield ind1="1" ind2="3" tag="246"><subfield code="a">Morning gazette</subfield></datafield><datafield ind1=" " ind2=" " tag="260"><subfield code="a">Kalamazoo, Mich. :</subfield><subfield code="b">Frederick N. Peck</subfield></datafield><datafield ind1=" " ind2=" " tag="300"><subfield code="a">v.</subfield></datafield><datafield ind1=" " ind2=" " tag="310"><subfield code="a">Daily (except Mon.)</subfield></datafield><datafield ind1="0" ind2=" " tag="362"><subfield code="a">Vol. 9, no. 3462 (Mar. 2, 1886)-v. 23, no. 31 (Feb. 5, 1899) ; 66th yr., no. 32 (Feb. 7, 1899)-66th yr., no. 73 (Mar. 26, 1899).</subfield></datafield><datafield ind1=" " ind2=" " tag="580"><subfield code="a">Weekly ed.: Kalamazoo gazette (Kalamazoo, Mich. : 1880).</subfield></datafield><datafield ind1=" " ind2="0" tag="651"><subfield code="a">Kalamazoo (Mich.)</subfield><subfield code="v">Newspapers.</subfield></datafield><datafield ind1=" " ind2="0" tag="651"><subfield code="a">Kalamazoo County (Mich.)</subfield><subfield code="v">Newspapers.</subfield></datafield><datafield ind1=" " ind2="7" tag="655"><subfield code="a">Newspapers.</subfield><subfield code="2">fast</subfield><subfield code="0">(OCoLC)fst01423814</subfield></datafield><datafield ind1=" " ind2="7" tag="651"><subfield code="a">Michigan</subfield><subfield code="z">Kalamazoo.</subfield><subfield code="2">fast</subfield><subfield code="0">(OCoLC)fst01204469</subfield></datafield><datafield ind1=" " ind2="7" tag="651"><subfield code="a">Michigan</subfield><subfield code="z">Kalamazoo County.</subfield><subfield code="2">fast</subfield><subfield code="0">(OCoLC)fst01204722</subfield></datafield><datafield ind1=" " ind2=" " tag="752"><subfield code="a">United States</subfield><subfield code="b">Michigan</subfield><subfield code="c">Kalamazoo</subfield><subfield code="d">Kalamazoo.</subfield></datafield><datafield ind1="1" ind2=" " tag="775"><subfield code="t">Kalamazoo gazette (Kalamazoo, Mich. : 1880)</subfield><subfield code="w">(DLC)sn 96077096</subfield><subfield code="w">(OCoLC)35659727</subfield></datafield><datafield ind1="0" ind2="0" tag="780"><subfield code="t">Daily gazette (Kalamazoo, Mich. : 1878)</subfield><subfield code="w">(DLC)sn 96077098</subfield><subfield code="w">(OCoLC)35668293</subfield></datafield><datafield ind1="0" ind2="0" tag="785"><subfield code="t">Kalamazoo morning gazette</subfield><subfield code="w">(DLC)sn 96077100</subfield><subfield code="w">(OCoLC)35667951</subfield></datafield></record>